@inproceedings{zhu:2019,
author = {Zhu, He and Xiong, Zikang and Magill, Stephen and Jagannathan, Suresh},
title = {An Inductive Synthesis Framework for Verifiable Reinforcement Learning},
year = {2019},
isbn = {9781450367127},
publisher = {Association for Computing Machinery},
address = {New York, NY, USA},
url = {https://doi.org/10.1145/3314221.3314638},
doi = {10.1145/3314221.3314638},
booktitle = {Proceedings of the 40th ACM SIGPLAN Conference on Programming Language Design and Implementation},
pages = {686–701},
numpages = {16},
keywords = {Program Synthesis, Reinforcement Learning, Program Verification, Runtime Shielding, Invariant Inference},
location = {Phoenix, AZ, USA},
series = {PLDI 2019}
}
  
@inproceedings{sun:2019,
author = {Sun, Xiaowu and Khedr, Haitham and Shoukry, Yasser},
title = {Formal Verification of Neural Network Controlled Autonomous Systems},
year = {2019},
isbn = {9781450362825},
publisher = {Association for Computing Machinery},
address = {New York, NY, USA},
url = {https://doi.org/10.1145/3302504.3311802},
doi = {10.1145/3302504.3311802},
booktitle = {Proceedings of the 22nd ACM International Conference on Hybrid Systems: Computation and Control},
pages = {147–156},
numpages = {10},
keywords = {satisfiability solvers, machine learning, formal verification},
location = {Montreal, Quebec, Canada},
series = {HSCC ’19}
}

@article{singh:2019,
author = {Singh, Gagandeep and Gehr, Timon and P\"{u}schel, Markus and Vechev, Martin},
title = {An Abstract Domain for Certifying Neural Networks},
year = {2019},
issue_date = {January 2019},
publisher = {Association for Computing Machinery},
address = {New York, NY, USA},
volume = {3},
number = {POPL},
url = {https://doi.org/10.1145/3290354},
doi = {10.1145/3290354},
journal = {Proc. ACM Program. Lang.},
month = jan,
articleno = {Article 41},
numpages = {30},
keywords = {Adversarial attacks, Deep Learning, Abstract Interpretation}
}
  
@article{chen:2019,
author = {Chen, Jia and Wei, Jiayi and Feng, Yu and Bastani, Osbert and Dillig, Isil},
title = {Relational Verification Using Reinforcement Learning},
year = {2019},
issue_date = {October 2019},
publisher = {Association for Computing Machinery},
address = {New York, NY, USA},
volume = {3},
number = {OOPSLA},
url = {https://doi.org/10.1145/3360567},
doi = {10.1145/3360567},
journal = {Proc. ACM Program. Lang.},
month = oct,
articleno = {Article 141},
numpages = {30},
keywords = {relational property, reinforcement learning, neural network, verification, proof search, policy gradient}
}
 

@article{gopinath:2017,
  author    = {Divya Gopinath and
               Guy Katz and
               Corina S. Pasareanu and
               Clark W. Barrett},
  title     = {DeepSafe: {A} Data-driven Approach for Checking Adversarial Robustness
               in Neural Networks},
  journal   = {CoRR},
  volume    = {abs/1710.00486},
  year      = {2017},
  url       = {http://arxiv.org/abs/1710.00486},
  archivePrefix = {arXiv},
  eprint    = {1710.00486},
  timestamp = {Mon, 24 Jun 2019 15:54:16 +0200},
  biburl    = {https://dblp.org/rec/journals/corr/abs-1710-00486.bib},
  bibsource = {dblp computer science bibliography, https://dblp.org}
}

@article{DBLP:journals/corr/abs-1804-00379,
  author    = {Anirudh Goyal and
               Philemon Brakel and
               William Fedus and
               Timothy P. Lillicrap and
               Sergey Levine and
               Hugo Larochelle and
               Yoshua Bengio},
  title     = {Recall Traces: Backtracking Models for Efficient Reinforcement Learning},
  journal   = {CoRR},
  volume    = {abs/1804.00379},
  year      = {2018},
  url       = {http://arxiv.org/abs/1804.00379},
  archivePrefix = {arXiv},
  eprint    = {1804.00379},
  timestamp = {Mon, 13 Aug 2018 16:46:10 +0200},
  biburl    = {https://dblp.org/rec/journals/corr/abs-1804-00379.bib},
  bibsource = {dblp computer science bibliography, https://dblp.org}
}

@article{DBLP:journals/corr/BrockmanCPSSTZ16,
  author    = {Greg Brockman and
               Vicki Cheung and
               Ludwig Pettersson and
               Jonas Schneider and
               John Schulman and
               Jie Tang and
               Wojciech Zaremba},
  title     = {OpenAI Gym},
  journal   = {CoRR},
  volume    = {abs/1606.01540},
  year      = {2016},
  url       = {http://arxiv.org/abs/1606.01540},
  archivePrefix = {arXiv},
  eprint    = {1606.01540},
  timestamp = {Fri, 08 Nov 2019 12:51:06 +0100},
  biburl    = {https://dblp.org/rec/journals/corr/BrockmanCPSSTZ16.bib},
  bibsource = {dblp computer science bibliography, https://dblp.org}
}

@INPROCEEDINGS{Watkins92q-learning,
    author = {Christopher J. C. H. Watkins and Peter Dayan},
    title = {Q-learning},
    booktitle = {Machine Learning},
    year = {1992},
    pages = {279--292}
}

@article{DBLP:journals/corr/abs-1710-06574,
  author    = {Ruishan Liu and
               James Zou},
  title     = {The Effects of Memory Replay in Reinforcement Learning},
  journal   = {CoRR},
  volume    = {abs/1710.06574},
  year      = {2017},
  url       = {http://arxiv.org/abs/1710.06574},
  archivePrefix = {arXiv},
  eprint    = {1710.06574},
  timestamp = {Mon, 13 Aug 2018 16:46:47 +0200},
  biburl    = {https://dblp.org/rec/journals/corr/abs-1710-06574.bib},
  bibsource = {dblp computer science bibliography, https://dblp.org}
}

@book{sutton1992reinforcement,
  title={Reinforcement Learning},
  author={Sutton, R.S.},
  isbn={9780792392347},
  lccn={92007567},
  series={The Springer International Series in Engineering and Computer Science},
  url={https://books.google.com/books?id=GDvW4MNMQ2wC},
  year={1992},
  publisher={Springer US}
}

@article{DBLP:journals/corr/GarciaF14,
  author    = {Javier Garc{\'{\i}}a and
               Fernando Fern{\'{a}}ndez},
  title     = {Safe Exploration of State and Action Spaces in Reinforcement Learning},
  journal   = {CoRR},
  volume    = {abs/1402.0560},
  year      = {2014},
  url       = {http://arxiv.org/abs/1402.0560},
  archivePrefix = {arXiv},
  eprint    = {1402.0560},
  timestamp = {Tue, 24 Sep 2019 17:13:18 +0200},
  biburl    = {https://dblp.org/rec/journals/corr/GarciaF14.bib},
  bibsource = {dblp computer science bibliography, https://dblp.org}
}

@inproceedings{10.1145/3005745.3005750,
author = {Mao, Hongzi and Alizadeh, Mohammad and Menache, Ishai and Kandula, Srikanth},
title = {Resource Management with Deep Reinforcement Learning},
year = {2016},
isbn = {9781450346610},
publisher = {Association for Computing Machinery},
address = {New York, NY, USA},
url = {https://doi.org/10.1145/3005745.3005750},
doi = {10.1145/3005745.3005750},
booktitle = {Proceedings of the 15th ACM Workshop on Hot Topics in Networks},
pages = {50–56},
numpages = {7},
location = {Atlanta, GA, USA},
series = {HotNets ’16}
}
  
